

@misc{reana,
title={reana},
year=2021,
howpublished={\url{https://reanahub.io/#contact)}},
}
@misc{root_cern,
title={ROOT: analyzing petabytes of data, scientifically},
year=2021,
howpublished={\url{https://root.cern/}},
}
@misc{uproot,
title={Getting started with uproot},
year=2021,
howpublished={\url{https://uproot.readthedocs.io/}},
}@misc{sustainability_flashtalk,
  title        = {Software Training and Sustainable HEP},
  author       = {Malik, Sudhir and
                  Thais, Savannah and 
                  Villanueva, Michel and
                   Lieret, Kilian and
                   Stark, Giordon and 
                   Nibigira, Emery Nibigira and 
                  Evans,  Meirin O.  and
                  David, Claire},
  urldate      = {2021-06-29},
  year = 2021,
  howpublished = {\url{https://indico.cern.ch/event/1004432/contributions/4377762/}},
}

@misc{david_lange,
  title        = {Selected results from {HSF} training survey},
  author       = {Lange, David},
  urldate      = {2021-02-25},
  year = 2019,
  howpublished = {\url{https://indico.cern.ch/event/759388/contributions/3315848/attachments/1816082/2968198/training_how2019.pdf}},
}

@misc{dan_katz,
  author       = {Katz, Daniel S. and
                  Malik, Sudhir and
                  Neubauer, Mark S. and
                  Stewart, Graeme A. and
                  Assamagan, Kétévi A. and
                  Becker, Erin A. and
                  Chue Hong, Neil P. and
                  Cosden, Ian A. and
                  Meehan, Samuel and
                  Moyse, Edward J. W. and
                  Price-Whelan, Adrian M. and
                  Sexton-Kennedy, Elizabeth and
                  Evans, Meirin Oan and
                  Feickert, Matthew and
                  Lange, Clemens and
                  Lieret, Kilian and
                  Quick, Rob and
                  Sánchez Pineda, Arturo and
                  Tunnell, Christopher},
  title        = {Software Sustainability \& High Energy Physics},
  month        = oct,
  year         = 2020,
  publisher    = {Zenodo},
  doi          = {10.5281/zenodo.4095837},
  howpublished          = {\url{https://doi.org/10.5281/zenodo.4095837}}
}

@misc{hsfwptraining,
      title={{HEP} Software Foundation Community White Paper Working Group - Training, Staffing and Careers}, 
      author={{HEP Software Foundation} and Dario Berzano and Riccardo Maria Bianchi and Peter Elmer and Sergei V. Gleyzer and John Harvey and Roger Jones and Michel Jouvin and Daniel S. Katz and Sudhir Malik and Dario Menasce and Mark Neubauer and Fernanda Psihas and Albert Puig Navarro and Graeme A. Stewart and Christopher Tunnell and Justin A. Vasel and Sean-Jiun Wang},
      year={2019},
      eprint={1807.02875},
      archivePrefix={arXiv},
      primaryClass={physics.ed-ph},
  howpublished = {\url{https://arxiv.org/abs/1807.02875}},
}

@misc{papadimitriou2017design,
      title={Design Of The LBNF Beamline}, 
      author={V. Papadimitriou and K. Ammigan and J. Anderson Jr. au2 and K. E. Anderson and R. Andrews and V. Bocean and C. F. Crowley and N. Eddy and B. D. Hartsell and S. Hays and P. Hurh and J. Hylen and J. A. Johnstone and P. Kasper and T. Kobilarcik and G. E. Krafczyk and B. Lundberg and A. Marchionni and N. V. Mokhov and C. D. Moore and D. Pushka and I. Rakhno and S. D. Reitzner and P. Schlabach and V. Sidorov and A. M. Stefanik and S. Tariq and L. Valerio and K. Vaziri and G. Velev and G. Vogel and K. Williams and R. M. Zwaska and C. Densham},
      year={2017},
      eprint={1704.04471},
      archivePrefix={arXiv},
      primaryClass={physics.acc-ph},
      howpublished={\url{https://arxiv.org/abs/1704.04471}}
}

@misc{HSF-homepage,
title={HEP Software Foundation},
howpublished={\url{https://hepsoftwarefoundation.org/}}
}

@misc{HSF-training-events,
title={{HSF} training events},
howpublished={\url{https://indico.cern.ch/category/11386/}},
}

@misc{HSF-training-meetings,
title={{HSF} Training and Careers Working Group Meetings},
howpublished={\url{https://indico.cern.ch/category/10294/}},
}

@misc{HSF-training-materials,
title={{HSF} Training and Educational Material Github Organization},
howpublished={\url{https://github.com/hsf-training}},
}

@misc{HSF-curriculum,
title={Towards a {HEP} Software Training curriculum},
howpublished={\url{https://hepsoftwarefoundation.org/training/curriculum.html}},
}

@misc{HSF-training-community,
title={The {HSF} Training Community},
howpublished={\url{https://hepsoftwarefoundation.org/training/community.html}},
}

@misc{HSF-training-how-to,
title={How to host an {HSF} training event},
howpublished={https://hepsoftwarefoundation.org/training/howto-event.html}},
}

@misc{HSF-training-blueprint,
title={{IRIS-HEP} and {HSF} Training Blueprint Meeting},
year=2020,
howpublished={\url{https://indico.cern.ch/event/889665/}},
}

@misc{HSF-training-hackathon,
title={The {HSF} Training Hackathon},
year=2021,
howpublished={\url{https://indico.cern.ch/event/997485/}},
}

@misc{HSF-training-SC-FNAL-2019,
title={Software Carpentry Workshop ({F}ermilab)},
year=2019,
howpublished={\url{https://indico.fnal.gov/event/20233/}},
}

@misc{HSF-training-ATLAS-ANL-2019,
title={{FIRST-HEP/ATLAS} Training ({A}rgonne)},
year=2019,
howpublished={\url{https://indico.cern.ch/event/827231/}},
}

@misc{HSF-training-ATLAS-LBNL-2019,
title={{FIRST-HEP/ATLAS} Training ({LBNL})},
year=2019,
howpublished={\url{https://indico.cern.ch/event/827232/}},
}

@misc{HSF-training-SC-CERN-2019,
title={Software Carpentry Workshop ({CERN})},
year=2019,
howpublished={\url{https://indico.cern.ch/event/834411/}},
}

@misc{HSF-training-Docker-2020,
title={{HSF} Virtual {D}ocker Training},
year=2020,
howpublished={\url{https://indico.cern.ch/event/934651/}},
}

@misc{HSF-training-DA-STEM-PR-2020,
title={Data Analysis for {STEM} teachers},
year=2020,
howpublished={\url{https://indico.cern.ch/event/927162/}},
}

@misc{HSF-training-ML-STEM-PR-2021,
title={Machine Learning Basics for {STEM} teachers},
year=2021,
howpublished={\url{https://indico.cern.ch/event/998732/}},
}

@misc{iris-hep,
title={Institute for Research and Innovation in Software for High Energy Physics (IRIS-HEP)},
howpublished={\url{https://iris-hep.org}}
}

@misc{carpentries,
title={The carpentries},
howpublished={\url{https://carpentries.org/}}
}

@misc{first-hep,
title={Framework for Integrated Research Software Training in High Energy Physics},
howpublished={\url{https://first-hep.org}}
}

@misc{quarknet,
title={Quarknet},
howpublished={\url{https://quarknet.org/}}
}